<record><leader>00000cas a22000007a 4500</leader><controlfield tag="001">14184088</controlfield><controlfield tag="008">860905d1843184upauwr ne      0    0eng d</controlfield><datafield ind1=" " ind2=" " tag="010"><subfield code="a">sn 86053675 </subfield></datafield><datafield ind1=" " ind2=" " tag="040"><subfield code="a">NPX</subfield><subfield code="b">eng</subfield><subfield code="c">NPX</subfield><subfield code="d">NPH</subfield><subfield code="d">OCLCQ</subfield></datafield><datafield ind1=" " ind2=" " tag="042"><subfield code="a">msc</subfield></datafield><datafield ind1="0" ind2="0" tag="245"><subfield code="a">Lancaster union and Republican sentinel.</subfield></datafield><datafield ind1="1" ind2="3" tag="246"><subfield code="a">Union &amp; sentinel</subfield></datafield><datafield ind1=" " ind2=" " tag="260"><subfield code="a">Lancaster [Pa.] :</subfield><subfield code="b">R. White Middleton</subfield></datafield><datafield ind1=" " ind2=" " tag="300"><subfield code="a">v. :</subfield><subfield code="b">ill. (chiefly advertisements) ;</subfield><subfield code="c">63 cm.</subfield></datafield><datafield ind1=" " ind2=" " tag="310"><subfield code="a">Weekly</subfield></datafield><datafield ind1="1" ind2=" " tag="362"><subfield code="a">Began in 1843.</subfield><subfield code="z">Cf. Rossell, G.E. Pa. newspapers.</subfield></datafield><datafield ind1=" " ind2=" " tag="500"><subfield code="a">Editor: Robert White Middleton, &lt;1843&gt;.</subfield></datafield><datafield ind1=" " ind2=" " tag="588"><subfield code="a">Description based on: Vol. 10, no. 27 (Oct. 10, 1843).</subfield></datafield><datafield ind1=" " ind2=" " tag="752"><subfield code="a">United States</subfield><subfield code="b">Pennsylvania</subfield><subfield code="c">Lancaster</subfield><subfield code="d">Lancaster.</subfield></datafield><datafield ind1="0" ind2="0" tag="780"><subfield code="t">Lancaster union (Lancaster, Pa. : 1834)</subfield><subfield code="w">(DLC)sn 87078007</subfield></datafield><datafield ind1="0" ind2="0" tag="785"><subfield code="t">Union and Republican sentinel</subfield><subfield code="w">(DLC)sn 83025963</subfield></datafield><datafield ind1="1" ind2=" " tag="029"><subfield code="a">AU@</subfield><subfield code="b">000025793764</subfield></datafield></record>